<record><leader>00000cas a22000007a 4500</leader><controlfield tag="001">9377114</controlfield><controlfield tag="008">830405d18721898mauwr ne      0    0eng d</controlfield><controlfield tag="009">3768</controlfield><datafield ind1=" " ind2=" " tag="010"><subfield code="a">sn 83020514 </subfield></datafield><datafield ind1=" " ind2=" " tag="040"><subfield code="a">NPX</subfield><subfield code="b">eng</subfield><subfield code="c">NPX</subfield><subfield code="d">NPU</subfield><subfield code="d">MGN</subfield></datafield><datafield ind1=" " ind2=" " tag="042"><subfield code="a">msc</subfield></datafield><datafield ind1="0" ind2="0" tag="245"><subfield code="a">Haverhill weekly bulletin.</subfield></datafield><datafield ind1=" " ind2=" " tag="260"><subfield code="a">Haverhill, Mass. :</subfield><subfield code="b">A.J. Hoyt &amp; Co.,</subfield></datafield><datafield ind1=" " ind2=" " tag="300"><subfield code="a">v.</subfield></datafield><datafield ind1=" " ind2=" " tag="310"><subfield code="a">Weekly</subfield></datafield><datafield ind1="0" ind2=" " tag="362"><subfield code="a">Vol. 1, no. 1 (Jan. 6, 1872)-</subfield></datafield><datafield ind1="1" ind2=" " tag="362"><subfield code="a">Ceased in 1898?</subfield></datafield><datafield ind1=" " ind2=" " tag="580"><subfield code="a">Daily ed.: Haverhill daily bulletin.</subfield></datafield><datafield ind1=" " ind2=" " tag="752"><subfield code="a">United States</subfield><subfield code="b">Massachusetts</subfield><subfield code="c">Essex</subfield><subfield code="d">Haverhill.</subfield></datafield><datafield ind1="1" ind2=" " tag="775"><subfield code="t">Haverhill daily bulletin</subfield><subfield code="w">(DLC)sn 83020513</subfield></datafield></record>